{"leader":"01777cam a2200469 a 4500","fields":[{"001":"002578010"},{"003":"MiAaHDL"},{"005":"20111213000000.0"},{"006":"m        d        "},{"007":"cr bn ---auaua"},{"008":"920623s1992    dcua     b   f000 0 eng"},{"010":{"subfields":[{"a":"   92177742"}],"ind1":" ","ind2":" "}},{"020":{"subfields":[{"a":"0160360617 :"},{"c":"$7.50"}],"ind1":" ","ind2":" "}},{"035":{"subfields":[{"a":"sdr-umn001088717"}],"ind1":" ","ind2":" "}},{"035":{"subfields":[{"a":"(OCoLC)25755059"}],"ind1":" ","ind2":" "}},{"035":{"subfields":[{"a":"(GPO)99028278"}],"ind1":" ","ind2":" "}},{"035":{"subfields":[{"a":"(GPO)99028278"}],"ind1":" ","ind2":" "}},{"035":{"subfields":[{"a":"(MvI)92119030"}],"ind1":" ","ind2":" "}},{"035":{"subfields":[{"a":"(MnU)notisAMM0923"}],"ind1":" ","ind2":" "}},{"037":{"subfields":[{"a":"052-003-01272-3"},{"b":"GPO"}],"ind1":" ","ind2":" "}},{"040":{"subfields":[{"a":"DLC"},{"c":"DLC"},{"d":"PSE"},{"d":"GPO"},{"d":"UIU"},{"d":"GPO"},{"d":"DLC"},{"d":"MvI"}],"ind1":" ","ind2":" "}},{"043":{"subfields":[{"a":"n-us---"}],"ind1":" ","ind2":" "}},{"049":{"subfields":[{"a":"MNDA"}],"ind1":" ","ind2":" "}},{"049":{"subfields":[{"a":"MNUA"},{"a":"MNPA"},{"a":"MNUO"}],"ind1":" ","ind2":" "}},{"050":{"subfields":[{"a":"HV6431"},{"b":".T43 1992"}],"ind1":"0","ind2":"0"}},{"050":{"subfields":[{"a":"HV6431"},{"b":".T43 1992"}],"ind1":"0","ind2":"0"}},{"074":{"subfields":[{"a":"1070-M (online)"}],"ind1":" ","ind2":" "}},{"074":{"subfields":[{"a":"1070-M"}],"ind1":" ","ind2":" "}},{"086":{"subfields":[{"a":"Y 3.T 22/2:2 T 27/2"}],"ind1":"0","ind2":" "}},{"086":{"subfields":[{"a":"Y 3.T 22/2:2 T 27/2"}],"ind1":"0","ind2":" "}},{"092":{"subfields":[{"a":"363.320973"},{"b":"T226s"},{"2":"20"}],"ind1":"0","ind2":" "}},{"099":{"subfields":[{"a":"Y 3.T 22/2:2 T 27/2"}],"ind1":" ","ind2":" "}},{"245":{"subfields":[{"a":"Technology against terrorism :"},{"b":"structuring security /"},{"c":"Congress of the United States, Office of Technology Assessment."}],"ind1":"0","ind2":"0"}},{"260":{"subfields":[{"a":"Washington, DC :"},{"b":"The Office :"},{"b":"For sale by the U.S. G.P.O., Supt. of Docs.,"},{"c":"1992."}],"ind1":" ","ind2":" "}},{"300":{"subfields":[{"a":"vi, 142 p. :"},{"b":"ill. ;"},{"c":"26 cm."}],"ind1":" ","ind2":" "}},{"500":{"subfields":[{"a":"\"OTA-ISC-511\"--P. [4] of cover."}],"ind1":" ","ind2":" "}},{"504":{"subfields":[{"a":"Includes bibliographical references."}],"ind1":" ","ind2":" "}},{"530":{"subfields":[{"a":"Also available via Internet from the Princeton host site. Address as of 11/17/99: http://www.wws.princeton.edu/%7Eota/disk1/1992/9235□n.html; current access available via PURL."}],"ind1":" ","ind2":" "}},{"538":{"subfields":[{"a":"Mode of access: Internet."}],"ind1":" ","ind2":" "}},{"650":{"subfields":[{"a":"Aeronautics, Commercial"},{"x":"Security measures."}],"ind1":" ","ind2":"0"}},{"650":{"subfields":[{"a":"Terrorism"},{"z":"United States"},{"x":"Prevention."}],"ind1":" ","ind2":"0"}},{"650":{"subfields":[{"a":"Terrorism"},{"x":"Prevention"},{"x":"Technological innovations."}],"ind1":" ","ind2":"0"}},{"710":{"subfields":[{"a":"United States."},{"b":"Congress."},{"b":"Office of Technology Assessment."}],"ind1":"1","ind2":" "}},{"CID":{"subfields":[{"a":"002578010"}],"ind1":" ","ind2":" "}},{"DAT":{"subfields":[{"a":"20100105094957.0"},{"b":"20111213000000.0"}],"ind1":"0","ind2":" "}},{"DAT":{"subfields":[{"a":"20120815122756.0"},{"b":"2017-09-14T18:03:46Z"}],"ind1":"1","ind2":" "}},{"DAT":{"subfields":[{"a":"2017-09-14T18:00:02Z"}],"ind1":"2","ind2":" "}},{"CAT":{"subfields":[{"a":"SDR-UMN"},{"d":"UNKNOWN"},{"l":"loader.pl-001-001"}],"ind1":" ","ind2":" "}},{"FMT":{"subfields":[{"a":"BK"}],"ind1":" ","ind2":" "}},{"HOL":{"subfields":[{"0":"sdr-umn001088717"},{"a":"umn"},{"b":"SDR"},{"c":"UMN"},{"p":"umn.31951d003573732"},{"s":"UMN"},{"1":"001088717"}],"ind1":" ","ind2":" "}},{"974":{"subfields":[{"b":"UMN"},{"c":"UMN"},{"d":"20170914"},{"s":"google"},{"u":"umn.31951d003573732"},{"y":"1992"},{"r":"pd"},{"q":"bib"}],"ind1":" ","ind2":" "}}]}
